@Misc{www-whitehous-bigdata,
  author =	 {{The White House Office of Science and Technology
                  Policy}},
  title =	 {{Big Data is a Big Deal}},
  title =	 {phony},
  howpublished = {OSTP Blog},
  month =	 feb,
  year =	 2014,
  url =
                  {http://www.whitehouse.gov/blog/2012/03/29/big-data-big-deal}
}

@TechReport{www-dodaf-arch,
  author =	 {{Department of Defense}},
  title =	 {The DoDAF Architecture Framework Version 2.02},
  institution =	 {{Department of Defense}},
  year =	 2010,
  type =	 {Report},
  number =	 {2.02},
  month =	 apr,
  url =
                  {https://dodcio.defense.gov/library/dod-architecture-framework/}
}

@misc{www-vol1-v3,
  author =	 {{W. L. Chang (Co-Chair), N. Grady (Subgroup
                  Co-chair), and NIST Big Data Public Working Group}},
  title =	 {{NIST Big Data Interoperability Framework: Volume 1,
                  Big Data Definitions (NIST SP 1500-1 VERSION 3)}},
  month =	 {MM},
  year =	 2019,
  url =		 {https://bigdatawg.nist.gov/show_InputDoc.php}
}

@misc{www-vol2-v3,
  author =	 {{W. L. Chang (Co-Chair), N. Grady (Subgroup
                  Co-chair), and NIST Big Data Public Working Group}},
  title =	 {{NIST Big Data Interoperability Framework: Volume 2,
                  Big Data Taxonomies (NIST SP 1500-2 VERSION 3)}},
  month =	 {MM},
  year =	 2019,
  url =		 {https://bigdatawg.nist.gov/show_InputDoc.php}
}

@misc{www-vol3-v3,
  author =	 {{W. L. Chang (Co-Chair), G. Fox (Subgroup Co-chair),
                  and NIST Big Data Public Working Group}},
  title =	 {{NIST Big Data Interoperability Framework: Volume 3,
                  Big Data Use Cases and General Requirements (NIST SP
                  1500-3 VERSION 3)}},
  month =	 {MM},
  year =	 2019,
  url =		 {https://bigdatawg.nist.gov/show_InputDoc.php}
}

@misc{www-vol4-v3,
  author =	 {{W. L. Chang (Co-Chair), A. Roy (Subgroup Co-chair),
                  M. Underwood (Subgroup Co-chair), and NIST Big Data
                  Public Working Group}},
  title =	 {{NIST Big Data Interoperability Framework: Volume 4,
                  Big Data Security and Privacy (NIST SP 1500-4
                  VERSION 3)}},
  month =	 {MM},
  year =	 2019,
  url =		 {https://bigdatawg.nist.gov/show_InputDoc.php}
}

@misc{www-vol5-v3,
  author =	 {{W. L. Chang (Co-Chair), S. Mishra (Editor), and
                  NIST Big Data Public Working Group}},
  title =	 {{NIST Big Data Interoperability Framework: Volume 5,
                  Big Data Architectures White Paper Survey (NIST SP
                  1500-5 VERSION 1)}},
  month =	 sep,
  year =	 2019,
  url =		 {https://bigdatawg.nist.gov/show_InputDoc.php}
}

@misc{www-vol6-v3,
  author =	 {{W. L. Chang (Co-Chair), D. Boyd (Subgroup
                  Co-chair), O. Levin (Version 1 Subgroup Co-Chair),
                  and NIST Big Data Public Working Group}},
  title =	 {{NIST Big Data Interoperability Framework: Volume 6,
                  Big Data Reference Architecture (NIST SP 1500-6
                  VERSION 3)}},
  month =	 {MM},
  year =	 2019,
  url =		 {https://bigdatawg.nist.gov/show_InputDoc.php}
}

@misc{www-vol7-v3,
  author =	 {{W. L. Chang (Co-Chair), R. Reinsch (Subgroup
                  Co-chair), D. Boyd (Version 1 Subgroup Co-chair),
                  C. Buffington (Version 1 Subgroup Co-chair), and
                  NIST Big Data Public Working Group}},
  title =	 {{NIST Big Data Interoperability Framework: Volume 7,
                  Big Data Standards Roadmap (NIST SP 1500-7 VERSION
                  3)}},
  month =	 {MM},
  year =	 2019,
  url =		 {https://bigdatawg.nist.gov/show_InputDoc.php}
}

@misc{www-vol8-v3,
  author =	 {{W. L. Chang (Co-Chair), G. von Laszewski (Editor),
                  and NIST Big Data Public Working Group}},
  title =	 {{NIST Big Data Interoperability Framework: Volume 8,
                  Big Data Reference Architecture Interfaces (NIST SP
                  1500-9 VERSION 2)}},
  month =	 {MM},
  year =	 2019,
  url =		 {https://bigdatawg.nist.gov/show_InputDoc.php}
}

@misc{www-vol9-v3,
  author =	 {{W. L. Chang (Co-Chair), R. Reinsch (Subgroup
                  Co-chair), C. Austin (Editor), and NIST Big Data
                  Public Working Group}},
  title =	 {{NIST Big Data Interoperability Framework: Volume 9,
                  Adoption and Modernization (NIST SP 1500-10 VERSION
                  2)}},
  month =	 {MM},
  year =	 2019,
  url =		 {https://bigdatawg.nist.gov/show_InputDoc.php}
}
